<?xml version="1.0" encoding="UTF-8"?><record xmlns="http://www.loc.gov/MARC21/slim" xmlns:cinclude="http://apache.org/cocoon/include/1.0" xmlns:zs="http://www.loc.gov/zing/srw/">
  <leader>00703cz  a2200169n  4500</leader>
  <controlfield tag="001">n 2005211269</controlfield>
  <controlfield tag="003">DLC</controlfield>
  <controlfield tag="005">20130904073751.0</controlfield>
  <controlfield tag="008">060206n| azannaabn          |a aaa      </controlfield>
  <datafield tag="010" ind1=" " ind2=" ">
    <subfield code="a">n 2005211269</subfield>
  </datafield>
  <datafield tag="035" ind1=" " ind2=" ">
    <subfield code="a">(OCoLC)oca06847513</subfield>
  </datafield>
  <datafield tag="040" ind1=" " ind2=" ">
    <subfield code="a">DLC</subfield>
    <subfield code="b">eng</subfield>
    <subfield code="e">rda</subfield>
    <subfield code="c">DLC</subfield>
    <subfield code="d">InU</subfield>
  </datafield>
  <datafield tag="046" ind1=" " ind2=" ">
    <subfield code="f">19451210</subfield>
  </datafield>
  <datafield tag="100" ind1="1" ind2=" ">
    <subfield code="a">Miśra, Bān̐kelāla</subfield>
  </datafield>
  <datafield tag="400" ind1="0" ind2=" ">
    <subfield code="a">Bān̐kelāla Miśra</subfield>
  </datafield>
  <datafield tag="670" ind1=" " ind2=" ">
    <subfield code="a">Bhaṭṭi. Bhaṭṭikāvyam, 2004-:</subfield>
    <subfield code="b">t.p. (Ḍô Bān̐kelālamiśraḥ, [i.e. Bān̐kelāla Miśra]; reader, Dept. of Sanskrit, M.G. Kashi Vidyapeeth, Varanasi) added t.p. verso (Dr. Bankelala Misra)</subfield>
  </datafield>
  <datafield tag="670" ind1=" " ind2=" ">
    <subfield code="a">Līlaśukaviracitaṃ Śrīkr̥ṣṇakarṇāmr̥taṃ, 2012:</subfield>
    <subfield code="b">jacket (born December 10, 1945)</subfield>
  </datafield>
</record>